\documentclass[10pt]{article}
\usepackage[usenames]{color} %used for font color
\usepackage{amssymb} %maths
\usepackage{amsmath} %maths
\usepackage[utf8]{inputenc} %useful to type directly diacritic characters
\begin{document}
\[@article{Hill2016Global,
  title =	 {Global Prevalence of Chronic Kidney Disease - A Systematic Review and Meta-Analysis},
  author =	 {Hill NR, Fatoba ST, Oke JL, Hirst JA, O'Callaghan CA, Lasserson DS, Hobbs FD},
  journal =	 {PLoS One},
  year =	 2016,
  publisher =	 {PubMed Central}
}
@article{Ren2023Associations,
  title =   {Associations of low-carbohydrate with mortality in chronic kidney disease},
  author =   {Ren Q, Zhou Y, Luo H, Chen G, Han Y, Zheng K, Qin Y, Li X},
  journal =   {Ren Fail},
  year =   2023,
  publisher =   {PubMed Central}
}\]
\end{document}